<?xml version="1.0" encoding="UTF-8"?><record xmlns="http://www.loc.gov/MARC21/slim" xmlns:cinclude="http://apache.org/cocoon/include/1.0" xmlns:zs="http://www.loc.gov/zing/srw/">
  <leader>01458cz  a2200253n  4500</leader>
  <controlfield tag="001">n  91117884 </controlfield>
  <controlfield tag="003">DLC</controlfield>
  <controlfield tag="005">20080813080514.0</controlfield>
  <controlfield tag="008">911119n| acannaabn          |b aaa      </controlfield>
  <datafield tag="010" ind1=" " ind2=" ">
    <subfield code="a">n  91117884 </subfield>
  </datafield>
  <datafield tag="035" ind1=" " ind2=" ">
    <subfield code="a">(OCoLC)oca03061576</subfield>
  </datafield>
  <datafield tag="040" ind1=" " ind2=" ">
    <subfield code="a">DLC</subfield>
    <subfield code="b">eng</subfield>
    <subfield code="c">DLC</subfield>
    <subfield code="d">DLC</subfield>
    <subfield code="d">OCoLC</subfield>
  </datafield>
  <datafield tag="100" ind1="1" ind2=" ">
    <subfield code="a">Dorzhiev, T︠S︡. Z.</subfield>
    <subfield code="q">(T︠S︡ydypzhap Zai︠a︡tuevich)</subfield>
  </datafield>
  <datafield tag="400" ind1="1" ind2=" ">
    <subfield code="a">Dorzhiev, T︠S︡ydypzhap Zai︠a︡tuevich</subfield>
  </datafield>
  <datafield tag="400" ind1="1" ind2=" ">
    <subfield code="a">Dorzhiev, T︠S︡ydypzhan Zai︠a︡tuevich</subfield>
  </datafield>
  <datafield tag="400" ind1="1" ind2=" ">
    <subfield code="a">Dorzhiev, Tc. Z.</subfield>
  </datafield>
  <datafield tag="400" ind1="1" ind2=" ">
    <subfield code="a">Dorzhiev, Tzidipzhan Zayatuevich</subfield>
  </datafield>
  <datafield tag="400" ind1="1" ind2=" ">
    <subfield code="a">Доржиев, Ц. З.</subfield>
    <subfield code="q">(Цыдыпжап Заятуевич)</subfield>
  </datafield>
  <datafield tag="667" ind1=" " ind2=" ">
    <subfield code="a">Machine-derived non-Latin script reference project.</subfield>
  </datafield>
  <datafield tag="667" ind1=" " ind2=" ">
    <subfield code="a">Non-Latin script reference not evaluated.</subfield>
  </datafield>
  <datafield tag="670" ind1=" " ind2=" ">
    <subfield code="a">Katalog kollekt︠s︡ii ptit︠s︡ Ki︠a︡khtinskogo ... 1990:</subfield>
    <subfield code="b">verso t.p. (T︠S︡.Z. Dorzhiev) colophon (T︠S︡ydypzhap Zai︠a︡tuevich Dorzhiev)</subfield>
  </datafield>
  <datafield tag="670" ind1=" " ind2=" ">
    <subfield code="a">His Ėkologii︠a︡ simpatricheskikh populi︠a︡t︠s︡iĭ golubeĭ, 1991:</subfield>
    <subfield code="b">t.p. (T︠S︡.Z. Dorzhiev) colopnon (Dorzhiev T︠S︡ydypzhan Zai︠a︡tuevich) t.p. verso (Tc.Z. Dorzhiev [in rom.])</subfield>
  </datafield>
  <datafield tag="670" ind1=" " ind2=" ">
    <subfield code="a">Sostoi︠a︡nie i problemy osobo okhrani︠a︡emykh prirodnykh territoriĭ Baĭkalʹskogo regiona, 1996:</subfield>
    <subfield code="b">verso t.p. (d.b.n. T︠S︡.Z. Dorzhiev)</subfield>
  </datafield>
  <datafield tag="670" ind1=" " ind2=" ">
    <subfield code="a">Baĭkal, 1991:</subfield>
    <subfield code="b">t.p. (T︠S︡.Z. Dorzhiev) p. 135 (T︠S︡ydypzhap Zai︠a︡tuevich Dorzhiev; Tzidipzhan Zayatuevich Dorzhiev [in rom.])</subfield>
  </datafield>
</record>